<?xml version="1.0" encoding="UTF-8"?><collection xmlns="http://www.loc.gov/MARC21/slim"><record><leader>00431nam--2200133-i-4500</leader><controlfield tag="001">000011020</controlfield><controlfield tag="002">20161230</controlfield><controlfield tag="005">20161230201029</controlfield><controlfield tag="008">060222s1000------------r-----000-0-eng-d</controlfield><datafield ind1=" " ind2=" " tag="080"><subfield code="a">546.15(043):612.015.3(043)</subfield></datafield><datafield ind1=" " ind2=" " tag="100"><subfield code="a">Barbier, Yves</subfield></datafield><datafield ind1=" " ind2=" " tag="245"><subfield code="a">Distribution de d`iode  stable et de l`iode traceur dans les composes iodes intrathyroidi ens de l`adenome toxique</subfield></datafield><datafield ind1=" " ind2=" " tag="260"><subfield code="a">Lyon, Univ. Claude-bernard, 1972. 157 P</subfield></datafield><datafield ind1=" " ind2=" " tag="852"><subfield code="a">40685</subfield></datafield></record></collection>